3469 4390
1488 411 1994 451 Μ

650 589 1016 674 Sap-*alta
1054 600 1265 651 vectus
1303 590 1460 652 Attis
1499 590 1684 653 celeri
1723 606 1855 654 rate
1893 595 2093 655 maria

487 705 826 789 Phrygium
868 725 1092 767 nemus
1136 707 1322 766 citato
1365 705 1593 786 cupide
1636 707 1795 787 pede
1835 710 2051 790 tetigit,

481 823 778 904 Adiitque
817 842 1009 905 opaca
1043 822 1218 883 silvis
1256 821 1551 883 redimita
1592 822 1727 883 loca
1769 824 1974 886 Deae:

489 939 857 1001 stimulatus
897 939 1011 998 ubi
1051 932 1285 1003 ffirenti
1325 936 1516 1010 rabie,
1558 956 1750 1017 vagus
1787 940 2010 1016 animi,

363 1068 423 1134 5.
494 1054 794 1119 Devolvit
835 1052 949 1113 illa
986 1065 1167 1112 acuta
1205 1051 1328 1112 sibi
1367 1050 1643 1133 pondera
1699 1053 1892 1113 silice.

477 1171 696 1250 Itaque
736 1181 806 1227 ut
847 1168 1061 1227 relicta
1099 1168 1289 1228 sensit
1326 1166 1448 1226 sibi
1491 1167 1776 1228 membra
1822 1170 1959 1228 sine
2000 1170 2156 1244 viro,

478 1285 697 1346 Etiam
735 1295 981 1341 recente
1019 1293 1212 1342 terrae
1250 1282 1385 1342 sola
1426 1283 1733 1362 sanguine
1771 1283 2114 1360 maculans,

482 1398 706 1458 Niveis
745 1398 928 1456 citata
967 1397 1130 1476 cepit
1168 1397 1459 1458 manibus
1503 1397 1641 1457 leve
1686 1372 2034 1474 crotalums

481 1512 822 1584 Cronium,
861 1512 1102 1586 tubam,
1147 1510 1426 1591 Cybelle,
1452 1525 1589 1584 tua,
1633 1524 1870 1584 mater,
1911 1514 2111 1588 initia,

331 1646 428 1689 ιο.
490 1626 914 1707 Quatiensque
955 1639 1124 1706 terga
1170 1628 1335 1686 tauri
1375 1628 1607 1690 teneris
1645 1644 1795 1688 cava
1836 1625 2044 1710 digitis

487 1743 728 1804 Canere
763 1741 919 1803 haec
957 1741 1081 1803 suis
1120 1741 1335 1802 adorta
1374 1753 1466 1802 est
1502 1742 1916 1803 tremebunda
1959 1742 2335 1803 comitibus:

497 1861 681 1941 Agite
711 1903 728 1932 ,
784 1860 898 1917 ite
946 1856 1038 1922 ad
1093 1857 1219 1917 alta
1250 1900 1271 1928 ,
1350 1854 1576 1919 Gallae
1608 1902 1627 1931 ,
1709 1857 1974 1940 Cybeles
2030 1877 2290 1919 nemora
2346 1858 2577 1939 simul}

492 1950 701 2039 Simul
741 1975 825 2034 ite
865 1971 1313 2052 Dindymenae
1328 1964 1427 2030 ‘ad
1466 1971 1763 2045 dominae
1806 1990 1959 2054 vaga
1996 1991 2238 2054 pecora,
2269 2048 2280 2061 Ι

493 2087 722 2149 Aliena
764 2106 920 2168 quae
950 2097 1226 2169 petentes
1265 2086 1453 2146 celeri
1492 2087 1684 2147 exilia
1727 2099 1874 2163 rate,

326 2213 423 2284 15.
485 2205 729 2268 Sectam
783 2223 995 2265 meam
1057 2214 1343 2264 executae
1371 2248 1390 2276 ,
1472 2201 1631 2264 duce
1687 2222 1794 2264 me
1823 2248 1841 2280 ,
1923 2203 2089 2268 mihi
2150 2207 2405 2269 comites

488 2320 813 2401 Rapidum
856 2320 1063 2380 salum
1100 2318 1327 2379 tulistis
1364 2318 1839 2400 truculentaque
1881 2320 2107 2404 pelagi,

484 2436 566 2499 Et
606 2455 826 2518 corpus
866 2436 1138 2496 evirastis
1178 2435 1440 2496 Veneris
1482 2436 1689 2494 nimio
1729 2434 1911 2496 odio:

485 2552 770 2613 Hilarate
810 2552 1190 2610 concitatum
1231 2567 1372 2611 aere
1410 2549 1721 2609 erroribus
1764 2551 2086 2612 animum!

482 2667 673 2730 Mora
728 2666 901 2726 tarda
952 2675 1166 2724 mente
1220 2662 1440 2760 cedat!
1526 2663 1738 2724 Simul
1792 2665 1879 2725 ite
1921 2672 1939 2732 ξ
2023 2664 2380 2744 Sequimini

327 2804 423 2847 20.
488 2765 830 2864 Phrygiam
891 2781 979 2841 ad
1033 2780 1300 2840 domum
1365 2779 1650 2860 Cybelles
1680 2824 1698 2853 ,
1782 2779 2055 2861 Phrygia
2107 2779 2188 2839 ad
2251 2799 2510 2844 nemora
2570 2782 2783 2854 Deae}

492 2883 624 2959 'Ubi
683 2896 1047 2978 cymbalum
1109 2907 1286 2956 sonat
1341 2914 1502 2970 vox,
1583 2895 1699 2955 ubi
1761 2907 2057 2976 tympana
2106 2895 2398 2970 reboant;

490 3012 761 3074 Tibicen
800 3012 913 3072 ubi
960 3012 1129 3071 canit
1169 3009 1612 3090 Phryx‚curvo
1652 3029 1843 3092 grave
1887 3012 2170 3082 calamoz

495 3129 628 3189 Ubi
669 3130 867 3211 capita
911 3108 1250 3187 Maenades
1292 3126 1357 3183 vi
1403 3111 1639 3201 jaciunt
1679 3123 2110 3206 hederigerae3

496 3246 629 3307 Ubi
672 3262 837 3304 sacra
878 3254 1084 3302 sancta
1123 3240 1315 3302 acutis
1355 3239 1699 3299 ululatibus
1741 3241 2011 3322 agitant3

323 3376 427 3441 25.
493 3345 626 3422 'Ubi
671 3359 872 3421 suevit
910 3356 1025 3417 illa
1065 3357 1269 3417 Divae
1315 3354 1571 3414 volitare
1613 3374 1769 3436 vaga
1809 3353 2063 3426 cohors;

491 3477 635 3557 Quo
676 3493 789 3535 nos
831 3471 1005 3532 decet
1044 3470 1240 3530 citatis
1275 3470 1546 3530 celerare
1585 3471 1899 3551 tripudiis.

651 3587 860 3650 Simul
901 3584 1055 3645 haec
1095 3584 1428 3666 comitibus
1470 3587 1626 3646 Attis
1669 3586 1894 3647 cecinit
1933 3584 2125 3647 notha
2159 3585 2417 3664 mulier,

486 3703 755 3767 Thiasus
793 3713 1050 3781 repente
1091 3700 1328 3782 linguis
1371 3673 1823 3782 trepidantibus
1863 3701 2086 3777 ululat,
2191 3695 2195 3704 '

479 3821 655 3883 Leve
708 3831 1086 3900 tympanum
1138 3817 1413 3898 remugit
1440 3862 1458 3891 ,
1541 3835 1689 3876 cava
1747 3816 2033 3896 cymbala
2083 3826 2422 3898 recrepant.

319 3954 420 4017 50.
484 3933 774 3996 viridem
818 3934 974 3992 citus
1015 3930 1145 3991 adit
1183 3931 1362 3992 Idam
1400 3944 1770 4013 properante
1810 3934 1970 4014 pede
2011 3932 2252 3994 chorus.
2611 4001 2620 4010 ,

482 4046 857 4112 Furibunda
912 4047 1108 4110 simul
1148 4091 1165 4121 ‚
1244 4045 1547 4110 anhelans
1576 4092 1594 4124 ,
1680 4066 1835 4131 vaga
1897 4047 2066 4112 vadit
2093 4091 2112 4126 ,
2194 4047 2398 4109 animi
2462 4063 2674 4130 egem,
